@Book{Sakai,
  author =	"{酒井 聡樹}",
  title  = 	"{これから論文を書く若者のために}",
  publisher =	"{共立出版}",
  year   =	 2002
}

@InProceedings{robot-robot1,
  author={Y. Hirata et al.},
  title={Leader-follower type motion control algorithm of multiple mobile robots with dual manipulators for handling a single object in coordination},
  booktitle={International Conference on Intelligent Mechatronics and Automation},
  pages={pp.362-367},
  year={2004},
}

@INPROCEEDINGS{robot-robot2,
  author={M. H. Wu and A. Konno and S. Ogawa and S. Komizunai},
  booktitle={IEEE International Conference on Robotics and Automation (ICRA)},
  title={Symmetry cooperative object transportation by multiple humanoid robots},
  year={2014},
  pages={3446-3451},
}

@InProceedings{aist_cooperative_carrying,
  author={K. Yokoyama and H. Hanade and T. Isozumi and Y.Fukase and K. Kaneko and F. Kanehiro and Y. Kawai and F. Tomita and H. Hirukawa},
  title={Cooperative Works by a Human and a Humanoid Robot},
  booktitle={IEEE International Conference on Robotics and Automation},
  year=2003,
  pages={2985-2991},
  volume=3,
}

@INPROCEEDINGS{carry_table,
author={J. St\"uckler and S. Behnke},
booktitle={IEEE-RAS International Conference on Humanoid Robots},
title={Following human guidance to cooperatively carry a large object},
year={2011},
pages={218-223},
}

@INPROCEEDINGS{carry_with_vision,
author={D. J. Agravante and A. Cherubini and A. Bussy and P. Gergondet and A. Kheddar},
booktitle={IEEE International Conference on Robotics and Automation (ICRA)},
title={Collaborative human-humanoid carrying using vision and haptic sensing},
year={2014},
pages={607-612},
}

@INPROCEEDINGS{carry_obj,
author={A. Bussy and A. Kheddar and A. Crosnier and F. Keith},
booktitle={IEEE/RSJ International Conference on Intelligent Robots and Systems},
title={Human-humanoid haptic joint object transportation case study},
year={2012},
pages={3633-3638},
}

@INPROCEEDINGS{carry_obj2,
author={A. Bussy and P. Gergondet and A. Kheddar and F. Keith and A. Crosnier},
booktitle={IEEE RO-MAN: The 21st IEEE International Symposium on Robot and Human Interactive Communication},
title={Proactive behavior of a humanoid robot in a haptic transportation task with a human partner},
year={2012},
pages={962-967},
}

@InProceedings{OpenPose,
  author = {Z. Cao and T. Simon and S. Wei and Y. Sheikh},
  title = {Realtime Multi-Person 2D Pose Estimation using Part Affinity Fields},
  booktitle =   "Computer Vision and Pattern Recognition",
  year = 2017
}

@misc{vive,
  title="{HTC Vive}",
  note="\url{https://www.vive.com/jp/}",
}

@INPROCEEDINGS{adapt_human_motion,
author={N. S. Pollard and J. K. Hodgins and M. J. Riley and C. G. Atkeson},
booktitle={IEEE International Conference on Robotics and Automation},
title={Adapting human motion for the control of a humanoid robot},
year={2002},
volume={2},
pages={1390-1397},
}

@InProceedings{bandaisan,
author={S. Nakaoka and A. Nakazawa and K. Yokoi and H. Hirukawa and K. Ikeuchi},
booktitle={IEEE International Conference on Robotics and Automation},
title={Generating whole body motions for a biped humanoid robot from captured human dances},
year={2003},
volume={3},
pages={3905-3910},
}

@Article{folding_dl,
title = {Repeatable Folding Task by Humanoid Robot Worker Using Deep Learning},
author = {P. Yang and K. Sasaki and K. Suzuki and K. Kase and S. Sugano and T. Ogata},
journal = {IEEE Robotics And Automation Letters},
volume = 2,
number = 2,
pages = {397-403},
year = 2017
}

@INPROCEEDINGS{collaborative_primitives,
author={G. Maeda and M. Ewerton and R. Lioutikov and H. Ben Amor and J. Peters and G. Neumann},
booktitle={IEEE-RAS International Conference on Humanoid Robots},
title={Learning interaction for collaborative tasks with probabilistic movement primitives},
year={2014},
pages={527-534},
}

@INPROCEEDINGS{robot_robot_assmble,
author={M. Dogar and A. Spielberg and S. Baker and D. Rus},
booktitle={IEEE International Conference on Robotics and Automation (ICRA)},
title={Multi-robot grasp planning for sequential assembly operations},
year={2015},
pages={193-200},
}

@INPROCEEDINGS{voice_recognition,
author={J. Lee and J. Choi and M. Park},
booktitle={ICCAS-SICE},
title={Design of the robotic system for human-robot interaction using sound source localization, mapping data and voice recognition},
year={2009},
pages={1143-1147},
}

@InProceedings{handover_usage,
author = {W. P. Chan and Y. Kakiuchi and K. Okada and M. Inaba},
title = {Determining Proper Grasp Configurations for Handovers through Observation of Object Movement Patterns and Inter-object Interactions during Usage},
booktitle = {IEEE/RSJ International Conference on Intelligent Robots and Systems},
pages = {1355-1360},
year = 2014,
}

@INPROCEEDINGS{wearable,
author={B. Llorens et al.},
booktitle={IEEE International Conference on Robotics and Automation (ICRA)},
title={A Robot on the Shoulder: Coordinated Human-Wearable Robot Control using Coloured Petri Nets and Partial Least Squares Predictions},
pages={119-125},
year={2014},
}

@INPROCEEDINGS{exoskeleton,
author={A. Dollar and H. Herr},
title={Lower extremity exoskeletons and activd orthoses: challenges and state-of-the-art},
booktitle={IEEE Transactions on Robotics},
volume={24},
number={1},
pages={144-158},
year={2008},
}

@INPROCEEDINGS{cooperative_nao,
author={E. Berger and D. Vogt and N. Haji-Ghassemi and B. Jung and H. B. Amor},
booktitle={IEEE-RAS International Conference on Humanoid Robots (Humanoids)},
title={Inferring guidance information in cooperative human-robot tasks},
year={2013},
pages={124-129},
}

@INPROCEEDINGS{gesture,
author={C. Hu and M. Q. Meng and P. X. Liu and X. Wang},
booktitle={IEEE/RSJ International Conference on Intelligent Robots and Systems (IROS)},
title={Visual gesture recognition for human-machine interface of robot teleoperation},
year={2003},
volume={2},
pages={1560-1565},
}

@INPROCEEDINGS{gesture2,
author={F. A. Bertsch and V. V. Hafner},
booktitle={IEEE-RAS International Conference on Humanoid Robots},
title={Real-time dynamic visual gesture recognition in human-robot interaction},
year={2009},
pages={447-453},
}

@INPROCEEDINGS{task_analysis,
author={Y. Sato and K. Bernardin and H. Kimura and K. Ikeuchi},
booktitle={IEEE/RSJ International Conference on Intelligent Robots and Systems},
title={Task analysis based on observing hands and objects by vision},
year={2002},
volume={2},
pages={1208-1213},
}

@misc{ros_voice_message,
  title="{ROS Voice Message}",
  note="\url{https://play.google.com/store/apps/details?id=org.ros.android.android_voice_message}",
}

@unpublished{pregrasp,
  TITLE = {{Human-Humanoid Collaborative Carrying}},
  AUTHOR = {A. D. Joven and C. Andrea and S. Alexander and W. Pierre-Brice and K. Abderrahmane},
  URL = {https://hal-lirmm.ccsd.cnrs.fr/lirmm-01311154},
  YEAR = {2016},
  PDF = {https://hal-lirmm.ccsd.cnrs.fr/lirmm-01311154/file/2017-itro-agravante.pdf},
  HAL_ID = {lirmm-01311154},
  HAL_VERSION = {v2},
}
